%MEUS PADRÕES DE REFERENCIAS
%
%Artigos => Ultimo_Nome_Primeiro_Autor:Ano(aa)
%Conferencias(Sem Proceedings)=> Ultimo_Nome_Primeiro_Autor:Conferenc_Ano(aa)
%Inproceedings => Ultimo_Nome_Primeiro_Autor:Conferenc_Ano(aa)
%Teses e Dissertações => Ultimo_Nome_Autor:Universidade_Ano(aa)
%Books => Ultimo_Nome_Primeiro_Autor:Ano(aa)
%OBS: Mesmo autor  e ano => Ultimo_Nome_Primeiro_Autor_a:Ano(aa)
%

@BOOK{Oetiker:01,
  AUTHOR =       {Tobias Oetiker and Hubert Partl and Irene Hyna and Elisabeth Schlegl},
  editor =       {},
  TITLE =        {Uma não tão pequena introdução ao LaTex},
  PUBLISHER =    {Free Software Foundation},
  YEAR =         {2007},
  volume =       {4.20.1},
  number =       {},
  series =       {},
  address =      {},
  edition =      {},
  month =        {Setembro},
  note =         {},
  abstract =     {},
  isbn =         {},
  price =        {},
  keywords =     {},
  source =       {},
}

@ONLINE {miguelcisterna2015:02,
    author = "Miguel Cisterna",
    title  = "Big Data e a proteção da informação de negócios",
    month  = "aug",
    year   = "2015",
    url    = "https://canaltech.com.br/big-data/big-data-e-a-protecao-da-informacao-de-negocios-47697/"
}
